2836 5100
86 833 465 933 anonumum
519 829 889 959 pneumam*
924 832 1153 928 ouuuu
1240 791 1243 809 '

252 975 556 1078 nocuscun
588 969 981 1063 cocmmnuu.

517 1172 715 1190 m

127 1348 444 1425 CYPERACEAE
466 1362 570 1436 ross,
594 1361 761 1436 naowu,
787 1363 882 1421 unns
906 1365 954 1421 an
981 1364 1110 1422 nsnue.

36 1508 176 1644 Floras
204 1578 454 1666 hennaphroditi
474 1576 535 1646 vel·
550 1575 698 1659 diclines,
728 1575 806 1641 nudi
824 1576 878 1642 vel
896 1577 1009 1658 calyce
1031 1577 1193 1661 instructi,

37 1685 155 1771 singuli
183 1709 319 1774 squama
345 1687 506 1774 (bractea)
537 1685 661 1770 stipati,
694 1683 727 1748 in
752 1683 876 1769 spicam
897 1685 1069 1770 (apiculam
1091 1686 1192 1772 auct.)

36 1794 153 1878 multi,
176 1796 286 1881 pauci·
305 1797 361 1864 val
372 1794 542 1861 unilloram
553 1791 712 1879 congesti,
737 1792 875 1858 disticho
897 1793 951 1860 vel
971 1793 1109 1879 undiquc
1129 1794 1195 1858 dia·

38 1901 150 1987 positi,
181 1904 351 1970 inferiores
375 1925 475 1988 saepe
497 1901 625 1964 nonnisi
647 1902 689 1965 ad
711 1884 880 1984 squamam
896 1921 1033 1966 vacuam
1055 1901 1192 1968 redacti.

37 2008 162 2093 Galyx,
192 2012 247 2076 ubi
272 2015 386 2092 adest,
416 2008 683 2072 rudimentarius:
718 2006 827 2093 phylla
851 2009 887 2089 6,
913 2007 1072 2073 interdum
1099 2008 1195 2094 plura

34 2116 71 2201 (Β
87 2116 121 2178 in
142 2117 294 2182 Dulichio
321 2124 356 2182 et
373 2115 511 2198 Buekia,
533 2115 728 2181 creberrima
747 2116 781 2178 in
799 2115 987 2200 Eriopboris
1006 2115 1194 2201 plerisque),

32 2223 142 2288 rarius
171 2225 287 2289 abortu
313 2225 480 2313 pauciora,
508 2222 699 2305 setiformia,
728 2222 1027 2308 spinuloso·scabra
1045 2223 1099 2288 vel
1126 2224 1195 2308 plu·
1263 2229 1265 2233 ’

33 2352 141 2414 mosa,
169 2353 397 2419 nonnunquam
426 2331 636 2414 tenuissima,
665 2329 1034 2425 capillaria,·interdum
1063 2353 1106 2397 ex
1134 2352 1194 2396 sex

32 2457 119 2502 nunc
146 2440 254 2504 omnia
277 2462 363 2506 nunc
388 2439 517 2506 nonnisi
542 2438 607 2504 tria
638 2439 763 2506 alterna
776 2424 1073 2527 'equamaeformia
1120 2438 1194 2503 Sta-

30 2544 121 2609 mina
140 2546 214 2630 tria,
240 2548 360 2634 phyllis
388 2549 523 2614 totidem
553 2547 768 2613 exterioribus
795 2547 955 2632 opposita,
982 2546 1088 2612 rarius
1116 2566 1194 2631 pau-

32 2653 126 2717 ciora
151 2656 187 2736 (2
210 2657 266 2723 vol
287 2658 318 2738 l)
342 2657 397 2726 vol
423 2657 518 2745 plura
547 2657 592 2744 (l,
618 2657 650 2738 6,
678 2655 775 2724 Suel
801 2656 866 2741 12).
906 2654 1089 2720 Filamenta
1116 2658 1193 2738 post

30 2758 293 2830 fecundationom
312 2765 478 2852 elongata,
501 2765 662 2831 interdum
680 2763 884 2850 longissima,
911 2762 1098 2848 plerumque
1121 2784 1192 2847 per·

33 2868 195 2934 sistentia.
236 2871 403 2937 Antherae
431 2872 646 2954 bilocula'res,
682 2874 776 2958 apice
799 2871 976 2952 indivisae,
1003 2869 1193 2955 saepissime

33 2983 151 3040 acutae
173 2977 227 3044 vel
247 2986 475 3061 mucronatae,
500 2979 574 3044 basi
601 2979 822 3065 emarginatae
843 2978 951 3062 ibique
970 2976 1100 3057 affixae,
1127 2976 1193 3062 plc-

33 3103 167 3168 rumque
187 3084 341 3151 lineares.
392 3085 550 3152 Ovarium
570 3107 802 3175 compressum,
829 3083 1121 3172 plano-convexum
1139 3085 1193 3153 vcl

34 3189 164 3273 saepius
178 3191 377 3279 triangulare
398 3195 539 3280 (angulis
559 3195 750 3260 staminibus
767 3193 1063 3281 respondentibus),
1084 3195 1126 3257 ad
1138 3193 1193 3259 ba·

33 3298 97 3361 sim
120 3296 309 3385 plerumque
330 3303 460 3384 nudum,
486 3304 593 3369 rarius
617 3325 703 3368 nuno
723 3305 815 3368 disco
843 3300 1045 3388 cupuliformi
1065 3302 1191 3385 integro

31 3402 87 3471 vel
104 3404 245 3472 mlobo
260 3408 306 3488 (in
318 3407 455 3493 soleria,
469 3410 605 3494 Ficinia,
618 3411 842 3497 blclancrnni),
860 3431 946 3474 nunc
964 3407 1081 3474 annulo
1095 3430 1192 3474 mern·

31 3510 196 3578 branacoo
217 3516 337 3581 adnato
357 3517 405 3602 (in
422 3517 637 3604 Fimbristyli)
658 3521 811 3601 cinctum,
831 3517 1040 3598 uniloculare,
1061 3538 1192 3583 concre-

31 3625 103 3685 tum
139 3642 182 3687 ex
213 3622 334 3688 ovariis
361 3625 487 3692 duobus
515 3627 570 3694 vel
603 3626 708 3692 tribus
739 3626 893 3692 carinatis
922 3625 977 3693 vol
1002 3622 1192 3691 naviculari-

32 3725 106 3803 bus‚
135 3749 269 3814 quorum
296 3732 425 3796 nonnisi
444 3755 542 3798 unum
572 3735 775 3819 (anteriusl)
803 3735 847 3798 ad
874 3734 979 3798 basim
1007 3730 1191 3796 interiorem

33 3831 132 3900 ovulo
153 3837 354 3904 instructum.
401 3839 542 3907 Oculum
558 3849 695 3924 rectum,
716 3844 891 3924 inversum,
915 3837 1057 3905 funiculo
1079 3860 1191 3905 secun·

32 3942 110 4006 dum
139 3949 243 4010 totam
268 3945 500 4032 longitudinem
529 3951 684 4015 adnatunr
711 3954 918 4033 (anatropum
942 3945 1062 4031 Rich).
1105 3945 1191 4028 Styli

32 4055 112 4131 tres,
140 4050 246 4116 rarius
273 4054 349 4137 duo,
379 4054 568 4143 plerumque
592 4056 717 4124 infame
742 4055 849 4140 magis
878 4055 1025 4122 minusue
1046 4056 1188 4138 connati,

32 4157 198 4226 rarissimo
228 4159 320 4245 apice
343 4161 432 4226 bifidi
458 4163 505 4240 (in
525 4163 686 4253 Buekia);
716 4164 807 4229 basis
837 4161 996 4244 stylorum
1023 4169 1191 4229 concreto·

33 4283 104 4326 rum
130 4285 217 4331 nunc
246 4268 393 4354 aequalis
421 4275 455 4336 et
481 4293 554 4339 curn
580 4272 692 4340 ovario
721 4271 892 4352 continua,
926 4291 1011 4336 nunc
1040 4271 1190 4337 dilatato·

64 4372 183 4431 Koara.
201 4376 321 4432 Sanora.
340 4379 373 4432 ll.
853 4379 870 4464 [
892 4380 909 4442 l
930 4379 947 4463 ]
